@book{Crole_1994, place={Cambridge}, title={Categories for Types}, publisher={Cambridge University Press}, author={Crole, Roy L.}, year={1994}}
